<record><leader>00000cas a2200000 a 4500</leader><controlfield tag="001">11333102</controlfield><controlfield tag="008">841031d18571uuuiluwr ne      0   a0eng c</controlfield><datafield ind1=" " ind2=" " tag="010"><subfield code="a">sn 84038541 </subfield></datafield><datafield ind1=" " ind2=" " tag="040"><subfield code="a">NPX</subfield><subfield code="b">eng</subfield><subfield code="c">NPX</subfield><subfield code="d">NPU</subfield><subfield code="d">NVF</subfield><subfield code="d">CVF</subfield><subfield code="d">OCL</subfield><subfield code="d">NVF</subfield><subfield code="d">OCLCQ</subfield><subfield code="d">OCLCF</subfield><subfield code="d">NVF</subfield><subfield code="d">OCLCO</subfield></datafield><datafield ind1="1" ind2=" " tag="029"><subfield code="a">AU@</subfield><subfield code="b">000025935094</subfield></datafield><datafield ind1=" " ind2=" " tag="042"><subfield code="a">pcc</subfield></datafield><datafield ind1=" " ind2=" " tag="043"><subfield code="a">n-us-il</subfield></datafield><datafield ind1="0" ind2=" " tag="130"><subfield code="a">Macomb eagle (Macomb, Ill. : 1857)</subfield></datafield><datafield ind1="1" ind2="4" tag="245"><subfield code="a">The Macomb eagle.</subfield></datafield><datafield ind1=" " ind2=" " tag="260"><subfield code="a">Macomb, Ill. :</subfield><subfield code="b">Nelson Abbott</subfield></datafield><datafield ind1=" " ind2=" " tag="300"><subfield code="a">v.</subfield></datafield><datafield ind1=" " ind2=" " tag="310"><subfield code="a">Weekly</subfield></datafield><datafield ind1="1" ind2=" " tag="362"><subfield code="a">Began in 1857?</subfield></datafield><datafield ind1=" " ind2=" " tag="588"><subfield code="a">Description based on: Vol. 2, no. 18 (Apr. 3, 1858).</subfield></datafield><datafield ind1=" " ind2=" " tag="588"><subfield code="a">Latest issue consulted: Vol. 59, no. 47 (Sept. 30, 1915).</subfield></datafield><datafield ind1=" " ind2="0" tag="651"><subfield code="a">Macomb (Ill.)</subfield><subfield code="v">Newspapers.</subfield></datafield><datafield ind1=" " ind2="7" tag="651"><subfield code="a">Illinois</subfield><subfield code="z">Macomb.</subfield><subfield code="2">fast</subfield><subfield code="0">(OCoLC)fst01202916</subfield></datafield><datafield ind1=" " ind2="7" tag="655"><subfield code="a">Newspapers.</subfield><subfield code="2">fast</subfield><subfield code="0">(OCoLC)fst01423814</subfield></datafield><datafield ind1=" " ind2=" " tag="752"><subfield code="a">United States</subfield><subfield code="b">Illinois</subfield><subfield code="c">McDonough</subfield><subfield code="d">Macomb.</subfield></datafield><datafield ind1="0" ind2=" " tag="775"><subfield code="t">Daily eagle (Macomb, Ill.)</subfield></datafield></record>